<record xmlns="http://www.loc.gov/MARC21/slim" xmlns:xsi="http://www.w3.org/2001/XMLSchema-instance" xsi:schemaLocation="http://www.loc.gov/MARC21/slim http://www.loc.gov/standards/marcxml/schema/MARC21slim.xsd"><leader>01523nam a2200337   4500</leader><controlfield tag="001">001746917</controlfield><controlfield tag="003">NNU</controlfield><controlfield tag="006">m        d        </controlfield><controlfield tag="007">cr cn |||m|||a</controlfield><controlfield tag="008">150222s1951    ua      ob    000 0 ara d</controlfield><datafield ind1=" " ind2=" " tag="040"><subfield code="a">NNU</subfield><subfield code="b">eng</subfield><subfield code="c">NNU</subfield></datafield><datafield ind1=" " ind2="4" tag="050"><subfield code="a">PJ6075</subfield><subfield code="b">.H3</subfield></datafield><datafield ind1=" " ind2=" " tag="066"><subfield code="c">(3</subfield></datafield><datafield ind1=" " ind2=" " tag="090"><subfield code="a">PJ6075</subfield><subfield code="b">.H3</subfield></datafield><datafield ind1="1" ind2=" " tag="100"><subfield code="6">880-01</subfield><subfield code="a">&#7716;asan, &#699;Abb&#257;s</subfield></datafield><datafield ind1="1" ind2="0" tag="245"><subfield code="6">880-02</subfield><subfield code="a">Ra&#700;y f&#299; ba&#699;&#7693; al-u&#7779;&#363;l lughaw&#299;yah wa-al-na&#7717;w&#299;yah</subfield><subfield code="h">[electronic resource] /</subfield><subfield code="c">ta&#700;l&#299;f &#699;Abb&#257;s &#7716;asan.</subfield></datafield><datafield ind1=" " ind2=" " tag="260"><subfield code="6">880-03</subfield><subfield code="a">al-Q&#257;hirah :</subfield><subfield code="b">Ma&#7789;ba&#699;at al-&#699;&#256;lam al-&#699;Arab&#299;,</subfield><subfield code="c">1951.</subfield></datafield><datafield ind1=" " ind2=" " tag="300"><subfield code="a">online resource (100 p.)</subfield></datafield><datafield ind1=" " ind2=" " tag="500"><subfield code="a">Part of the Arabic Collections Online (ACO) project, contributed by New York Univeristy Libraries.</subfield></datafield><datafield ind1=" " ind2=" " tag="504"><subfield code="a">Includes bibliographical references.</subfield></datafield><datafield ind1=" " ind2=" " tag="533"><subfield code="a">Electronic reproduction.</subfield><subfield code="b">New York, N.Y. :</subfield><subfield code="c">New York University,</subfield><subfield code="d">2015.</subfield><subfield code="5">NNU</subfield></datafield><datafield ind1=" " ind2="0" tag="650"><subfield code="a">Arabic language</subfield><subfield code="x">History.</subfield></datafield><datafield ind1="2" ind2=" " tag="710"><subfield code="a">New York University.</subfield><subfield code="b">Libraries.</subfield></datafield><datafield ind1="0" ind2=" " tag="730"><subfield code="a">Arabic Collections Online.</subfield></datafield><datafield ind1="0" ind2="8" tag="776"><subfield code="i">Print version:</subfield><subfield code="a">&#7716;asan, &#699;Abb&#257;s 880-01</subfield><subfield code="t">Ra&#700;y f&#299; ba&#699;&#7693; al-u&#7779;&#363;l lughaw&#299;yah wa-al-na&#7717;w&#299;yah</subfield><subfield code="w">(NNU)001746917</subfield></datafield><datafield ind1="4" ind2="0" tag="856"><subfield code="u">http://hdl.handle.net/2333.1/ffbg7c67</subfield></datafield><datafield ind1="1" ind2=" " tag="880"><subfield code="6">100-01/</subfield><subfield code="a">&#1581;&#1587;&#1606;&#1548; &#1593;&#1576;&#1575;&#1587;.</subfield></datafield><datafield ind1="1" ind2="0" tag="880"><subfield code="6">245-02/</subfield><subfield code="a">&#1585;&#1571;&#1609; &#1601;&#1610; &#1576;&#1593;&#1590; &#1575;&#1604;&#1571;&#1589;&#1608;&#1604; &#1575;&#1604;&#1604;&#1594;&#1608;&#1610;&#1577; &#1608;&#1575;&#1604;&#1606;&#1581;&#1608;&#1610;&#1577; /</subfield><subfield code="c">&#1578;&#1571;&#1604;&#1610;&#1601; &#1593;&#1576;&#1575;&#1587; &#1581;&#1587;&#1606;.</subfield></datafield><datafield ind1=" " ind2=" " tag="880"><subfield code="6">260-03/</subfield><subfield code="a">&#1575;&#1604;&#1602;&#1575;&#1607;&#1585;&#1577; :</subfield><subfield code="b">&#1605;&#1591;&#1576;&#1593;&#1577; &#1575;&#1604;&#1593;&#1575;&#1604;&#1605; &#1575;&#1604;&#1593;&#1585;&#1576;&#1610;&#1548;</subfield><subfield code="c">&#1633;&#1641;&#1637;&#1633;.</subfield></datafield><datafield ind1=" " ind2=" " tag="959"><subfield code="a">NNU</subfield><subfield code="b">WEB</subfield><subfield code="c">GENI</subfield><subfield code="t">0</subfield><subfield code="m">Electronic access</subfield><subfield code="s">01</subfield></datafield><datafield ind1=" " ind2=" " tag="999"><subfield code="i">NNU_001746917</subfield><subfield code="s">nyu_aco000219</subfield></datafield></record>